@techreport{muller:2005:ulp,
  TITLE = {On the definition of ulp(x)},
  AUTHOR = {Muller, Jean-Michel},
  URL = {https://inria.hal.science/inria-00070503},
  TYPE = {Research Report},
  NUMBER = {RR-5504, LIP RR-2005-09},
  PAGES = {16},
  INSTITUTION = {{INRIA, LIP}},
  YEAR = {2005},
  MONTH = feb,
  KEYWORDS = {FLOATING-POINT ARITHMETIC ; UNIT IN THE LAST PLACE ; ULP ; COMPUTER ARITHMETIC ; ARITHMETIQUE DES ORDINATEURS ; ARITHMETIQUE VIRGULE FLOTTANTE ; POIDS DU DERNIER CHIFFRE},
  PDF = {https://inria.hal.science/inria-00070503/file/RR-5504.pdf},
  HAL_ID = {inria-00070503},
  HAL_VERSION = {v1},
}


@book{muller:2018:handbook,
author = {Muller, Jean-Michel and Brunie, Nicolas and de Dinechin, Florent and Jeannerod, Claude-Pierre and Joldes, Mioara and Lefvre, Vincent and Melquiond, Guillaume and Revol, Nathalie and Torres, Serge},
title = {Handbook of Floating-Point Arithmetic},
year = {2018},
isbn = {3319765256},
publisher = {Birkh\"{a}user Basel},
edition = {2nd},
}

@techreport{cea:2024:acsl,
	title = {ANSI/ISO C Specification Language: Version 1.20, Implementation in Frama-C 29.0},
	author = {Baudin, Patrick and
		Cuoq, Pascal and
		Filli{\^{a}}tre, Jean-Christophe and
		March{\'{e}}, Claude and
		Monate, Benjamin and
		Moy, Yannick and
		Prevosto, Virgile},
	institution = {CEA-List},
	note = {Available at: \url{https://frama-c.com/download/frama-c-acsl-implementation.pdf}},
	year = {2024},
}

@inproceedings{ferreira:2023:reflow,
	title = {A Provably Correct Floating-Point Implementation of Well Clear Avionics Concepts},
	author = {Fernandes Ferreira, Nikson Bernardes and
	Moscato, Mariano M. and
	Titolo, Laura and
	Ayala-Rinc{\'o}n, Mauricio},
	booktitle = {Formal Methods in Computer-Aided Design},
	series = {FMCAD},
	pages = {237-246},
	year = {2023},
}

